{
  "leader": "05313cam a2200661 a 4500",
  "fields": [
    {
      "001": "ocm24669300\\"
    },
    {
      "003": "OCoLC"
    },
    {
      "005": "20220701165329.0"
    },
    {
      "008": "911009s1992\\\\\\\\enkab\\\\\\\\b\\\\\\\\101\\0\\eng\\\\"
    },
    {
      "010": {
        "ind1": "\\",
        "ind2": "\\",
        "subfields": [
          {
            "a": "   91037464 "
          }
        ]
      }
    },
    {
      "040": {
        "ind1": "\\",
        "ind2": "\\",
        "subfields": [
          {
            "a": "DLC"
          },
          {
            "b": "eng"
          },
          {
            "c": "DLC"
          },
          {
            "d": "FCI"
          },
          {
            "d": "UKM"
          },
          {
            "d": "MUQ"
          },
          {
            "d": "BAKER"
          },
          {
            "d": "NLGGC"
          },
          {
            "d": "BTCTA"
          },
          {
            "d": "YDXCP"
          },
          {
            "d": "LGG"
          },
          {
            "d": "RCJ"
          },
          {
            "d": "TULIB"
          },
          {
            "d": "BDX"
          },
          {
            "d": "OCLCO"
          },
          {
            "d": "OCLCQ"
          },
          {
            "d": "OCLCF"
          },
          {
            "d": "OCLCO"
          },
          {
            "d": "OCLCQ"
          },
          {
            "d": "LENOT"
          },
          {
            "d": "DHA"
          },
          {
            "d": "OCLCQ"
          },
          {
            "d": "V5E"
          },
          {
            "d": "FQG"
          },
          {
            "d": "UWO"
          },
          {
            "d": "UKUOY"
          },
          {
            "d": "OCLCQ"
          },
          {
            "d": "DCT"
          },
          {
            "d": "S2H"
          },
          {
            "d": "OCLCQ"
          },
          {
            "d": "OCL"
          },
          {
            "d": "OCLCQ"
          },
          {
            "d": "NLVRD"
          },
          {
            "d": "IL4J6"
          },
          {
            "d": "OCLCO"
          }
        ]
      }
    },
    {
      "015": {
        "ind1": "\\",
        "ind2": "\\",
        "subfields": [
          {
            "a": "GB9242040"
          },
          {
            "2": "bnb"
          }
        ]
      }
    },
    {
      "015": {
        "ind1": "\\",
        "ind2": "\\",
        "subfields": [
          {
            "a": "GB92Z7018"
          },
          {
            "2": "bnb"
          }
        ]
      }
    },
    {
      "019": {
        "ind1": "\\",
        "ind2": "\\",
        "subfields": [
          {
            "a": "29703617"
          },
          {
            "a": "1001068015"
          },
          {
            "a": "1116062548"
          },
          {
            "a": "1167069149"
          }
        ]
      }
    },
    {
      "020": {
        "ind1": "\\",
        "ind2": "\\",
        "subfields": [
          {
            "a": "0198252978"
          },
          {
            "q": "(cloth)"
          }
        ]
      }
    },
    {
      "020": {
        "ind1": "\\",
        "ind2": "\\",
        "subfields": [
          {
            "a": "9780198252979"
          },
          {
            "q": "(cloth)"
          }
        ]
      }
    },
    {
      "024": {
        "ind1": "0",
        "ind2": "0",
        "subfields": [
          {
            "a": "33190962"
          },
          {
            "c": "+UKX"
          }
        ]
      }
    },
    {
      "035": {
        "ind1": "\\",
        "ind2": "\\",
        "subfields": [
          {
            "a": "(OCoLC)24669300"
          },
          {
            "z": "(OCoLC)29703617"
          },
          {
            "z": "(OCoLC)1001068015"
          },
          {
            "z": "(OCoLC)1116062548"
          },
          {
            "z": "(OCoLC)1167069149"
          }
        ]
      }
    },
    {
      "043": {
        "ind1": "\\",
        "ind2": "\\",
        "subfields": [
          {
            "a": "awba---"
          },
          {
            "a": "awgz---"
          },
          {
            "a": "a-is---"
          }
        ]
      }
    },
    {
      "050": {
        "ind1": "0",
        "ind2": "0",
        "subfields": [
          {
            "a": "KMM873.5"
          },
          {
            "b": ".I58 1992"
          }
        ]
      }
    },
    {
      "050": {
        "ind1": "\\",
        "ind2": "4",
        "subfields": [
          {
            "a": "K"
          },
          {
            "b": ".I5725 1992"
          }
        ]
      }
    },
    {
      "080": {
        "ind1": "\\",
        "ind2": "\\",
        "subfields": [
          {
            "a": "341.62"
          },
          {
            "b": "I61"
          }
        ]
      }
    },
    {
      "082": {
        "ind1": "0",
        "ind2": "0",
        "subfields": [
          {
            "a": "341.660956953"
          },
          {
            "b": "INT"
          }
        ]
      }
    },
    {
      "245": {
        "ind1": "0",
        "ind2": "0",
        "subfields": [
          {
            "a": "International law and the administration of occupied territories :"
          },
          {
            "b": "two decades of Israeli occupation of the West Bank and Gaza Strip /"
          },
          {
            "c": "edited by Emma Playfair."
          }
        ]
      }
    },
    {
      "260": {
        "ind1": "\\",
        "ind2": "\\",
        "subfields": [
          {
            "a": "Oxford [England] :"
          },
          {
            "b": "Clarendon Press ;"
          },
          {
            "a": "New York :"
          },
          {
            "b": "Oxford University Press,"
          },
          {
            "c": "1992."
          }
        ]
      }
    },
    {
      "300": {
        "ind1": "\\",
        "ind2": "\\",
        "subfields": [
          {
            "a": "xxxvii, 534 pages :"
          },
          {
            "b": "illustrations, maps ;"
          },
          {
            "c": "24 cm"
          }
        ]
      }
    },
    {
      "336": {
        "ind1": "\\",
        "ind2": "\\",
        "subfields": [
          {
            "a": "text"
          },
          {
            "b": "txt"
          },
          {
            "2": "rdacontent"
          }
        ]
      }
    },
    {
      "337": {
        "ind1": "\\",
        "ind2": "\\",
        "subfields": [
          {
            "a": "unmediated"
          },
          {
            "b": "n"
          },
          {
            "2": "rdamedia"
          }
        ]
      }
    },
    {
      "338": {
        "ind1": "\\",
        "ind2": "\\",
        "subfields": [
          {
            "a": "volume"
          },
          {
            "b": "nc"
          },
          {
            "2": "rdacarrier"
          }
        ]
      }
    },
    {
      "500": {
        "ind1": "\\",
        "ind2": "\\",
        "subfields": [
          {
            "a": "Collection of essays originally presented at a conference held in Jan. 1988 in East Jerusalem."
          }
        ]
      }
    },
    {
      "504": {
        "ind1": "\\",
        "ind2": "\\",
        "subfields": [
          {
            "a": "Includes bibliographical references (pages 505-521) and index."
          }
        ]
      }
    },
    {
      "505": {
        "ind1": "0",
        "ind2": "\\",
        "subfields": [
          {
            "a": "Introduction / Emma Playfair -- pt. 1. International legal framework -- 1. Prolonged military occupation: the Israeli-occupied territories 1967-1988 / Adam Roberts -- 2. The application of international law in the occupied territories as reflected in the judgments of the High Court of Justice in Israel / Mazen Qupty -- 3. The relevance of international law to Israeli and Palestinian rights in the West Bank and Gaza / Richard A. Falk and Burns H. Weston -- 4. The legislative stages of the Israeli military occupation / Raja Shehadeh -- 5. The destruction of Troy will not take place / Alain Pellet -- 6. Playing on principle? Israel's justification for its administrative acts in the Occupied West Bank / Emma Playfair."
          }
        ]
      }
    },
    {
      "505": {
        "ind1": "0",
        "ind2": "\\",
        "subfields": [
          {
            "a": "pt. 2. Administration of occupied territories -- 7. The administration of occupied territory in international law / Christopher Greenwood -- 8. The administration of the West Bank under Israeli rule / Mona Rishmawi -- 9. The right to form trade unions under military occupation / John Quigley -- 10. Mass based organizations in the West Bank and Gaza: offering services because of and despite the military occupation / Joost R. Hiltermann -- 11. Taxation under belligerent occupation / Gerhard von Glahn -- 12. Financial administration of the Israeli-occupied West Bank / Hisham Jabr -- 13. Israel's economic policies in the occupied territories: a case for international supervision / Hisham Awartani -- 14. Powers and duties of an occupant in relation to land and natural resources / Antonio Cassese -- 15. Exploitation of land and water resources for Jewish colonies in the occupied territories / Ibrahim Matar."
          }
        ]
      }
    },
    {
      "505": {
        "ind1": "0",
        "ind2": "\\",
        "subfields": [
          {
            "a": "pt. 3. Enforcement of international law -- 16. Enforcement of human rights in the West Bank and the Gaza Strip / John Dugard -- 17. Avenues open for defence of human rights in the Israeli-occupied territories / Jonathan Kuttab."
          }
        ]
      }
    },
    {
      "511": {
        "ind1": "0",
        "ind2": "\\",
        "subfields": [
          {
            "a": "071207."
          }
        ]
      }
    },
    {
      "520": {
        "ind1": "\\",
        "ind2": "\\",
        "subfields": [
          {
            "a": "This collection of essays results from a conference held in Jerusalem in 1988. Organized the West Bank affiliate of the International Commission of Jurists, al-Haq, its purpose was to examine legal problems arising out of Israel's occupation of the West Bank and Gaza Strip. Contributors include many internationally-renowned experts on international law and human rights as well as Palestinian lawyers and others actively engaged in addressing Palestinian rights. International concern over the future of the West Bank and Gaza Strip is as strong now as in 1988, and this book makes an important contribution to the legal literature on belligerent occupation, and on the Israeli-occupied territories."
          }
        ]
      }
    },
    {
      "650": {
        "ind1": "\\",
        "ind2": "0",
        "subfields": [
          {
            "a": "Military occupation."
          }
        ]
      }
    },
    {
      "650": {
        "ind1": "\\",
        "ind2": "0",
        "subfields": [
          {
            "a": "Israel-Arab War, 1967"
          },
          {
            "x": "Occupied territories."
          }
        ]
      }
    },
    {
      "650": {
        "ind1": "\\",
        "ind2": "0",
        "subfields": [
          {
            "a": "Law"
          },
          {
            "z": "West Bank."
          }
        ]
      }
    },
    {
      "650": {
        "ind1": "\\",
        "ind2": "0",
        "subfields": [
          {
            "a": "Law"
          },
          {
            "z": "Gaza Strip."
          }
        ]
      }
    },
    {
      "651": {
        "ind1": "\\",
        "ind2": "0",
        "subfields": [
          {
            "a": "West Bank"
          },
          {
            "x": "Politics and government."
          }
        ]
      }
    },
    {
      "651": {
        "ind1": "\\",
        "ind2": "0",
        "subfields": [
          {
            "a": "Gaza Strip"
          },
          {
            "x": "Politics and government."
          }
        ]
      }
    },
    {
      "651": {
        "ind1": "\\",
        "ind2": "0",
        "subfields": [
          {
            "a": "West Bank"
          },
          {
            "x": "International status."
          }
        ]
      }
    },
    {
      "651": {
        "ind1": "\\",
        "ind2": "0",
        "subfields": [
          {
            "a": "Gaza Strip"
          },
          {
            "x": "International status."
          }
        ]
      }
    },
    {
      "650": {
        "ind1": "\\",
        "ind2": "0",
        "subfields": [
          {
            "a": "International law."
          }
        ]
      }
    },
    {
      "650": {
        "ind1": "\\",
        "ind2": "7",
        "subfields": [
          {
            "a": "International law."
          },
          {
            "2": "fast"
          },
          {
            "0": "(OCoLC)fst00976984"
          }
        ]
      }
    },
    {
      "650": {
        "ind1": "\\",
        "ind2": "7",
        "subfields": [
          {
            "a": "Law."
          },
          {
            "2": "fast"
          },
          {
            "0": "(OCoLC)fst00993678"
          }
        ]
      }
    },
    {
      "650": {
        "ind1": "\\",
        "ind2": "7",
        "subfields": [
          {
            "a": "Military occupation."
          },
          {
            "2": "fast"
          },
          {
            "0": "(OCoLC)fst01021341"
          }
        ]
      }
    },
    {
      "650": {
        "ind1": "\\",
        "ind2": "7",
        "subfields": [
          {
            "a": "Politics and government."
          },
          {
            "2": "fast"
          },
          {
            "0": "(OCoLC)fst01919741"
          }
        ]
      }
    },
    {
      "651": {
        "ind1": "\\",
        "ind2": "7",
        "subfields": [
          {
            "a": "Gaza Strip."
          },
          {
            "2": "fast"
          },
          {
            "0": "(OCoLC)fst01240021"
          }
        ]
      }
    },
    {
      "651": {
        "ind1": "\\",
        "ind2": "7",
        "subfields": [
          {
            "a": "West Bank."
          },
          {
            "2": "fast"
          },
          {
            "0": "(OCoLC)fst01243256"
          }
        ]
      }
    },
    {
      "647": {
        "ind1": "\\",
        "ind2": "7",
        "subfields": [
          {
            "a": "Israel-Arab War"
          },
          {
            "d": "(1967)"
          },
          {
            "2": "fast"
          },
          {
            "0": "(OCoLC)fst00980283"
          }
        ]
      }
    },
    {
      "648": {
        "ind1": "\\",
        "ind2": "7",
        "subfields": [
          {
            "a": "1967"
          },
          {
            "2": "fast"
          }
        ]
      }
    },
    {
      "700": {
        "ind1": "1",
        "ind2": "\\",
        "subfields": [
          {
            "a": "Playfair, Emma."
          }
        ]
      }
    },
    {
      "856": {
        "ind1": "4",
        "ind2": "2",
        "subfields": [
          {
            "3": "Publisher description"
          },
          {
            "u": "http://catdir.loc.gov/catdir/enhancements/fy0606/91037464-d.html"
          }
        ]
      }
    },
    {
      "994": {
        "ind1": "\\",
        "ind2": "\\",
        "subfields": [
          {
            "a": "Z0"
          },
          {
            "b": "NYRVC"
          }
        ]
      }
    },
    {
      "948": {
        "ind1": "\\",
        "ind2": "\\",
        "subfields": [
          {
            "h": "NO HOLDINGS IN NYRVC - 254 OTHER HOLDINGS"
          }
        ]
      }
    },
    {
      "999": {
        "ind1": "\\",
        "ind2": "\\",
        "subfields": [
          {
            "a": "00000000019031"
          }
        ]
      }
    }
  ]
}